2446 4282
262 154 838 276 r1221211.ur1s{.11.111.
922 275 925 279 ,
974 222 1045 302 ¹57

11 422 14 427 Ι
73 319 107 393 ris
128 320 215 399 enim
232 321 290 395 ista
317 343 384 395 non
410 345 564 424 appetat,
580 346 649 399 tam
672 346 764 427 grate
780 346 891 401 tamen
905 328 1044 432 excipit,

71 447 150 521 quarn
169 422 191 495 sr
212 423 428 524 concupiscat.
446 415 538 501 ¹Vale.

86 589 990 684 111.C.P1.1n1us00nnrn1n

394 715 760 808 Harum
804 721 843 804 S.

61 861 177 931 Corellia
202 858 349 953 Hispulla,
371 864 491 934 Corellio
511 861 549 937 (r
566 863 691 956 Hispulla
706 864 829 956 genita,
847 857 1050 956 adolescentem

99 958 197 1055 filium
219 964 296 1030 domi
314 963 479 1040 eruditum
501 967 640 1032 Secundo
654 964 743 1056 igitar
757 963 825 1035 olim
834 960 953 1032 earcuo
968 961 1051 1057 pam

100 1062 280 1152 amicissr'mur
288 1081 352 1130 eam
364 1078 458 1132 maner
463 1060 529 1154 jam
537 1063 642 1131 ructari
651 1061 976 1138 excolendum'rraederr,
984 1062 1051 1158 ξἰι-1

99 1159 173 1228 sium
185 1163 350 1230 caninum
367 1164 443 1233 incer
459 1179 567 1232 ceteros
576 1158 824 1256 prafeffiresunice
836 1160 966 1254 probans.

59 1289 140 1456 C
152 1302 178 1349 u
191 1301 218 1348 ru
247 1301 371 1378 patrem
388 1301 507 1362 tuum,
531 1277 748 1379 gravissimum
767 1286 801 1352 &
821 1275 1051 1352 sanetiffimum

153 1379 277 1464 virum,
297 1373 490 1476 suspexerim
509 1381 610 1478 magis
632 1405 672 1450 an
691 1379 865 1451 amaverim
884 1377 1048 1449 dubitemr

55 1496 152 1575 teque
172 1485 207 1549 δι
223 1479 257 1548 in
269 1480 458 1550 memoriam
472 1480 539 1572 ejus
559 1489 593 1551 &
612 1479 836 1572 ‘inhonorem
854 1498 945 1549 tuum
955 1477 1051 1547 unice

56 1575 210 1677 diligam:
224 1578 351 1676 cupiam
371 1574 495 1649 neccsse
516 1575 581 1659 est,
603 1575 1051 1676 (acqueeriam,quantumin

54 1701 107 1748 me
125 1671 223 1748 fuerit
235 1725 245 1757 ,
257 1679 372 1773 enitar)
392 1699 425 1749 ut
437 1675 598 1748 filiustuus
610 1674 793 1748 avosrnrilis
813 1674 945 1747 existat:
963 1675 1054 1774 equi·
1148 1686 1150 1691 '

55 1775 130 1848 dem
148 1777 237 1847 malo
246 1800 413 1861 moretm,
435 1802 615 1877 quanquam
632 1777 679 1845 illi
699 1797 847 1874 paternus
866 1776 966 1846 etiam
985 1775 1053 1846 cla-

54 1901 103 1946 rus
122 1872 344 1974 spectatusque
360 1872 546 1975 contigerit.
573 1885 669 1948 Pater
687 1883 858 1975 quoque&
871 1895 999 1974 patruus
1013 1875 1053 1946 il·

54 1972 144 2046 lustri
163 1975 256 2046 laude
274 1972 457 2074 conspicui,
478 1977 589 2074 quibus
598 1975 748 2045 omnibus
764 1979 809 2044 ita
818 1974 949 2045 demum
962 1972 1053 2045 srrni·

55 2070 299 2156 lisodolescet,
325 2073 348 2145 sr
368 2074 508 2146 imbutus
528 2072 669 2146 honestis
694 2073 811 2144 artibus
830 2069 945 2151 suerit,
973 2097 1051 2170 quas

54 2175 229 2272 plurimum
241 2170 358 2253 refert,
380 2175 475 2274 eiquo
488 2173 686 2272 potissimum
705 2175 851 2271 accipiat.
879 2168 998 2244 Adhuc
1016 2172 1055 2241 il·

54 2275 121 2344 lunr
149 2269 296 2371 pucritiae
325 2275 408 2345 ratio
435 2276 518 2345 intra
537 2274 782 2347 contubernium
810 2294 902 2344 tuurn
924 2272 1053 2358 tenuit,

54 2394 272 2470 praeceptores
283 2372 373 2445 domi
385 2372 508 2459 habuit,
521 2373 574 2445 ubi
584 2371 632 2445 est
648 2373 699 2447 vel
708 2371 865 2445 erroribus
889 2370 1067 2452 'modicam'

55 2473 228 2545 ueletiam
252 2472 496 2544 nullamateria.
529 2475 604 2575 Jam
623 2471 722 2543 studia
743 2473 811 2564 ejus
834 2491 927 2542 extra
952 2473 1056 2544 limen

55 2566 248 2669 proferenda
265 2570 357 2653 sunt,
377 2574 442 2665 jam
463 2569 765 2668 circumspiciendus
784 2569 894 2642 rhetor
905 2571 1053 2653 Latinus,

56 2673 146 2765 cujus
163 2667 279 2742 scholae
297 2667 467 2752 severitas,
487 2671 589 2769 pudor
608 2669 769 2766 imprimis
790 2714 801 2750 ,
829 2667 955 2740 castitas
974 2691 1056 2738 con-

55 2769 132 2842 stet.
167 2768 271 2842 Adest
288 2772 377 2841 enim
398 2767 594 2845 adolescenti
621 2766 734 2841 nostro
751 2794 830 2842 curn-
852 2767 977 2844 catenis
999 2786 1057 2839 na·-
1103 2791 1109 2806 ·

56 2890 135 2941 turae
155 2866 355 2968 fortunaque
372 2869 523 2952 dotibus,
543 2867 661 2941 eximia
674 2871 819 2966 corporis
836 2864 1053 2966 pulchritudo,

56 2971 108 3040 cui
118 2970 152 3041 in
162 2966 226 3040 hoc
235 2968 358 3040 lubrico
368 2971 469 3042 aetatis
479 2991 735 3069 nonpraecepcor
744 2967 853 3053 modo,
864 2966 1054 3038 sed³custor

950 3086 1051 3137 ctrarn

92 3205 106 3240 1
126 3189 349 3253 Inhumanum]
359 3189 542 3241 cumrehono·
555 3183 859 3248 'dinemdarunsccundum
867 3185 1055 3252 Qriutilianuur.

55 3271 115 3307 rem.
139 3259 175 3309 ecl
190 3257 230 3308 ubi
244 3258 319 3325 agirur
334 3259 363 3308 de
383 3258 476 3309 honore
488 3274 540 3309 ruo.
572 3261 641 3310 Idem.

58 3326 107 3375 Alii
123 3326 219 3394 legunt,
233 3326 298 3392 quod
309 3325 478 3392 nouimprobo
486 3359 494 3386 ,
509 3337 540 3380 (ν
605 3343 618 3392 3
644 3318 932 3389 carlummannum]
952 3320 1055 3381 Rhetor,

56 3394 80 3440 in
93 3398 265 3460 nemoriaemrjus
273 3394 407 3446 <omnum
418 3397 542 3443 encaeniae
569 3390 637 3460 {quo
648 3408 698 3442 non
706 3391 781 3442 solum
791 3389 973 3447 instituatur,scd
982 3391 1055 3443 ctiam

56 3460 172 3527 dihgm,
190 3459 220 3512 lic
233 3462 298 3513 cuim
311 3461 339 3513 sir
354 3464 441 3514 clarior
457 3458 541 3514 sensus.
569 3476 669 3526 regatur.
688 3464 747 3511 Nam
757 3459 1057 3529 inrelligerepadagogum'·
1118 3454 1123 3462 ’

61 3536 139 3579 crem.
569 3545 638 3594 quem
648 3524 781 3578 Fabiuressc
794 3529 872 3576 volun
886 3528 1005 3586 amicum,
1021 3528 1057 3578 vi·
1094 3529 1098 3538 '

90 3613 104 3648 2
124 3594 318 3648 Modr'uudnulla
327 3597 439 3660 maceria]
452 3595 539 3647 sibooi
570 3611 736 3660 cumgravem,
751 3596 866 3652 liberum,
876 3594 1056 3647 autfidelemli·

58 3660 101 3714 finr
108 3679 269 3730 praeceptores,
278 3663 335 3713 aliis
345 3679 394 3713 non
403 3667 482 3715 minor
490 3681 540 3729 pec·
571 3664 704 3726 berrunu,
723 3659 907 3735 sequentianno
923 3665 1053 3733 potiunrun

24 3798 27 3803 Ι
59 3729 540 3801 caudiinsucrcro,quaruiurcrmuhitu·
571 3732 640 3785 Idem.
989 3790 1043 3849 w

574 3814 575 3817 ¹
1041 3808 1052 3846 r
