2446 4282
464 181 923 255 sternuntur
1032 222 1035 227 ·

153 350 157 361 '
203 331 407 406 admiratione
412 331 586 430 fatebitur,
590 337 636 432 fi,
647 359 743 432 quana
751 331 1184 435 decet‚at'teutiorrem,quod-

204 459 263 531 que
273 432 377 518 decet,
391 432 545 529 judicium
562 435 680 506 leiiioni
696 459 802 505 earum
820 434 1006 507 adhibuerit.
1032 443 1185 509 Eorumne

195 531 348 630 studiosae
359 536 423 616 eii,
441 533 566 630 quand
573 532 704 604 Politica
715 535 782 630 stre
796 533 842 604 ad
849 536 1000 607 Politicen
1012 539 1184 633 pertinent?

205 631 348 708 (Μαίη
365 653 443 703 certe
459 640 491 704 in
508 633 634 729 epistolis
654 638 858 704 Ciceronianis
870 633 924 720 (dc
939 639 979 705 iis
997 653 1121 706 tantum
1141 636 1186 708 lo-

203 758 301 831 quor,
317 759 388 830 qua
404 732 447 803 od
462 733 573 804 multos
591 731 606 802 i
616 731 834 828 familiaribus
843 731 970 830 scriptu
981 732 1067 826 fient)
1082 761 1112 804 eo
1119 758 1184 830 per-

206 837 338 902 tinentia
349 837 480 902 iaocnire
495 839 614 929 potuit:
627 829 686 925 sed
701 858 759 902 non
771 839 916 930 pauciora
927 838 960 903 in
969 830 1047 926 hisce
1064 834 1186 906 Plinia-

205 936 252 1003 nit
270 936 446 1002 intentarat
465 933 520 1004 eii.
550 937 678 1028 quantis
695 931 755 1030 ipse
776 932 895 1004 Plinius
914 931 999 1030 longe
1013 932 1112 1004 aliam
1131 935 1185 1028 effe

133 1118 136 1127 Ι
204 1057 308 1102 rerum
316 1037 528 1102 Romanorum
540 1031 680 1122 lictum,
699 1050 850 1129 quantum
866 1030 912 1102 ad
927 1058 1031 1104 earum
1048 1031 1186 1104 admini-

198 1131 379 1225 strationem
388 1136 503 1201 attinet
511 1188 520 1214 ‚
525 1129 693 1228 fateatur,
702 1137 735 1202 in
745 1158 780 1201 ea
791 1131 928 1230 epissola,
939 1158 1010 1227 qua
1020 1131 1091 1204 libri
1102 1140 1187 1205 tertii

205 1222 358 1327 vikefima
374 1233 432 1304 eti.
464 1233 544 1302 Hac
554 1235 633 1302 caim
641 1229 740 1303 verba
757 1256 826 1302 eam
834 1230 999 1302 claudunt:
1030 1234 1183 1303 Haectibi

202 1327 330 1425 scripsi,
350 1331 489 1426 primum
509 1351 542 1401 ut
560 1329 680 1429 aliquid
698 1334 775 1400 novi
791 1327 988 1409 scriberem,
1013 1330 1130 1403 deinde
1151 1355 1184 1402 ut

202 1428 432 1524 nonnunquam
450 1428 489 1505 de
504 1429 628 1524 republ.
640 1433 801 1528 loquerer.
824 1433 912 1523 cujus
932 1431 1073 1501 materia
1090 1431 1184 1502 nobis

200 1532 429 1628 quantorariot
464 1526 1185 1614 uamveteiibusoccafi0,tantominusomit-

201 1625 370 1700 tendaest.
400 1556 989 1728 Erberculequousqueillavulgaria?
1024 1629 1185 1727 Eboquid

201 1730 293 1826 agis?
309 1727 424 1826 ecquid
438 1727 612 1798 commode
627 1729 736 1800 vales?
763 1726 914 1800 Habeant
931 1725 1044 1798 uosttae
1055 1754 1185 1826 quoque

200 1828 300 1900 litetae
318 1826 436 1925 aliquid
446 1852 520 1906 nou
539 1825 679 1907 humile,
700 1850 759 1896 nec
771 1824 951 1907 sordidum,
972 1851 1032 1897 nec
1050 1829 1185 1924 privatis

201 1925 468 2000 tebusinclusum.
496 1931 685 2025 Et,ncquis
694 1926 849 2024 objiceret,
865 1925 944 2024 quiri
951 1924 1077 1998 tandem
1088 1926 1126 1996 de
1136 1953 1187 1997 re·

199 2025 283 2126 publ.
295 2023 444 2124 loquitu,
465 2031 622 2126 cujus-viu
629 2029 701 2125 jum
716 2025 827 2098 umbra
841 2025 1000 2127 fiopereii?
1012 2025 1182 2126 subjungit:

200 2129 282 2197 Sunt
299 2125 432 2224 quidem
442 2130 557 2196 euntia
574 2122 629 2196 sub
638 2127 728 2196 unius
740 2127 889 2205 arbitrio,
911 2128 966 2224 qui
975 2151 1035 2222 pto
1046 2127 1186 2197 utilitate

199 2226 366 2300 communi
384 2223 465 2295 solus
476 2224 926 2324 omniumcutasiubotesque
937 2222 1089 2321 suscepit:
1111 2229 1188 2324 qui-

98 2325 102 2343 '
200 2323 526 2410 dameameo,sa1ubri
538 2345 808 2423 temperamento,
819 2325 858 2394 ad
870 2328 1186 2422 nosquoque‚velut

199 2427 260 2498 rivi
276 2450 315 2496 ex
333 2424 391 2494 illo
407 2422 639 2524 benignissimo
653 2420 744 2495 fonte
756 2423 947 2494 decustuut:
964 2449 1046 2522 quos
1058 2432 1090 2494 δι
1104 2423 1188 2496 bau·

200 2523 335 2622 rireipsr
353 2512 583 2598 &absentibus
602 2525 713 2595 amicis
733 2523 818 2622 qnasi
839 2521 1015 2595 ministrare
1038 2522 1186 2620 epistolis

201 2625 373 2725 postumus.
402 2625 553 2720 Quintis
566 2620 1186 2724 (inquam)&bio-&aliiietiamlongi

200 2724 363 2816 aliumeffe
373 2725 841 2817 Romanorumreramstatum,
862 2721 1185 2820 quantumodcarum

200 2822 494 2915 administrationem
511 2829 645 2909 attinet,
662 2827 790 2893 minime
808 2840 918 2919 neget,
943 2847 1000 2892 noa
1014 2844 1116 2919 pauca
1132 2844 1184 2892 ta·

201 2950 272 2995 men
280 2921 319 2993 dc
327 2923 440 3020 republ.
454 2920 586 3015 diffinit,
605 2948 676 3021 qua
690 2919 736 2992 ad
746 2920 889 3020 politicen
904 2927 1023 2992 omuino
1035 2923 1184 3018 speiiarn:

203 3021 270 3107 ἀι,
289 3047 386 3119 quam
404 3023 563 3120 praelata
581 3020 668 3122 apud
675 3027 848 3092 Ciceronem
868 3041 972 3091 extent
983 3019 1028 3090 acl
1042 3021 1186 3117 politicen

114 3116 122 3125 ³
197 3127 382 3224 pertinentes
391 3122 572 3213 sententia,
594 3121 702 3193 habere
710 3121 849 3193 Plinium
856 3120 1018 3215 contencio,¹
1034 3145 1108 3218 quae
1124 3120 1184 3192 illie

200 3249 397 3321 nequaquam
412 3219 545 3293 cedant:
565 3220 609 3302 dr
624 3218 749 3320 quidem
767 3220 947 3302 nonarius,
968 3245 1026 3317 quo
1044 3226 1185 3306 rariores,

202 3350 235 3396 eo
246 3327 382 3394 ctiamin
393 3328 531 3421 igriores.
559 3326 684 3392 Harum
694 3325 840 3393 inumero
855 3323 901 3393 eii
916 3320 996 3414 isia,
1017 3343 1090 3418 pag.
1107 3345 1185 3390 101.

201 3425 333 3497 Etenim
343 3445 411 3492 tom
422 3425 563 3492 maxime
573 3416 661 3491 favor
672 3427 704 3492 ὅ(
716 3420 850 3491 ambitio
866 3420 1066 3501 dominatur,
1085 3444 1185 3518 quum

201 3519 257 3594 sub
266 3523 373 3618 aliqua
392 3518 496 3618 specie
515 3518 689 3593 severitatis
705 3517 889 3591 delitescere
900 3516 1016 3616 potest.
1034 3526 1084 3617 ⁴Iri
1092 3544 1124 3589 eo
1129 3541 1184 3616 po·

202 3647 271 3698 nere
281 3619 423 3718 &isium
436 3620 604 3722 poffiomue,
625 3647 761 3722 quaenoa
775 3625 809 3695 ia
819 3619 925 3694 eadent
936 3623 1070 3723 pagina,
1086 3615 1183 3789 seim

1075 3743 1111 3790 ea
1136 3743 1183 3792 cm
