2446 4282
353 196 859 305 DEDICATIO.

116 372 253 512 stigio
296 371 474 509 positos
529 375 743 512 religiose
792 375 816 473 a
866 373 1100 475 salutanti-

64 545 67 550 “
117 512 205 614 bus
233 511 373 651 adiri,
406 517 635 616 sciremus.
677 525 813 651 Opus
840 518 969 651 quod
993 523 1101 615 atti·

117 686 252 766 net,
316 651 498 756 videtur
550 653 829 793 prolixiores
872 687 1098 792 patronos

116 793 240 893 haud
257 798 558 892 inventurum
575 793 713 895 aliud.
754 794 926 895 Plinius
944 795 1022 915 est,
1041 795 1097 894 ad

119 934 248 1064 eujus
276 939 587 1069 patrocinium
616 951 660 1034 δι
690 930 864 1034 famam
890 934 1100 1071 dignifi-

117 1109 216 1171 mas
252 1073 417 1172 vestras
456 1072 614 1180 Musas
650 1080 961 1194 invocamus,
1019 1081 1099 1175 Vir

74 1279 77 1286 -
116 1208 756 1312 consularisacmaximarum
778 1218 1095 1350 Dignitatum,

115 1349 267 1451 vestro
315 1347 694 1488 Magnificentiff.
728 1389 780 1452 ac
819 1359 1099 1489 Digniffimo

112 1495 331 1592 Nomine
380 1525 676 1629 nequaquam
733 1491 1097 1629 indigniffimus,

116 1635 230 1762 Ejus
258 1626 473 1764 Epistolae
500 1630 637 1751 sunt,
687 1629 830 1768 usque
860 1635 978 1732 adeo
1004 1638 1096 1760 juri

113 1777 338 1870 Romano
367 1771 653 1900 conjuneiae,
683 1806 732 1868 ut
757 1773 813 1869 ad
831 1779 1098 1876 exercitium

9 1906 11 1911 ⁴
115 1911 245 2038 ejus,
262 1924 306 2014 ὅ(
323 1906 526 2044 aliquem
546 1906 708 2032 usum,
740 1914 786 2006 in
804 1914 857 2008 iis
872 1919 1095 2032 maxime,

115 2083 219 2183 quae
230 2053 346 2181 jutis
363 2047 539 2148 Publici
555 2047 655 2148 sunt
671 2123 684 2168 ,
713 2047 795 2148 fibi
818 2086 1097 2185 comparan-

118 2189 233 2288 dum
262 2183 478 2288 conferre
508 2187 754 2324 plurimum
785 2187 973 2326 possint.
1016 2199 1096 2286 Se-

116 2324 384 2426 nescentern
408 2363 562 2425 retum
582 2335 898 2429 Romanarum
927 2326 1093 2428 faciem

114 2465 629 2568 memoriaesetulotum
647 2465 863 2586 tradunt,
892 2468 1093 2567 &liber-

3 2643 5 2646 ⁴
37 2642 40 2649 ·
114 2611 240 2706 rimae
267 2611 473 2706 veritatis
502 2643 609 2707 eum
635 2613 906 2744 incorrupta
933 2603 1095 2707 facun-

9 2772 14 2779 ·
115 2747 194 2844 dia
241 2749 458 2845 certantis
506 2749 761 2883 imaginem
810 2753 1088 2879 exprimunt.

114 2879 274 2984 Muitae
296 2891 345 2984 in
370 2889 427 2983 iis
452 2879 597 2983 latent
616 2883 969 2993 observationes
991 2925 1096 2986 eru·

113 3020 218 3121 ditae
236 3029 555 3157 antiquitatis,
586 3023 737 3125 multae
761 3031 1094 3160 praeceptiones

111 3159 319 3270 Politicae
334 3240 349 3287 ,
380 3169 438 3265 iis
464 3162 612 3285 sane,
651 3170 732 3300 qui
762 3171 810 3264 in
838 3165 1095 3302 Republica

112 3301 378 3424 versantur,
397 3341 500 3407 non
516 3304 668 3405 modo
685 3303 851 3426 utiles,
880 3299 956 3404 sed
973 3306 1095 3407 sum-

111 3437 190 3541 me
222 3442 489 3550 neeeliariae.
514 3540 517 3547 ,
541 3444 630 3547 Sed
656 3445 717 3548 de
743 3481 899 3549 earum
932 3451 1093 3582 precio

935 3581 1092 3724 super-
