2446 4282
366 181 861 314 Duureurro.

90 393 224 516 sed,
252 431 357 538 quae
382 394 574 537 reliquis
599 393 735 535 ipsius
750 402 964 501 Austoris
991 400 1101 498 scri·

117 569 208 672 prro
257 541 621 640 accommodata
657 544 805 676 magis
842 539 1098 665 judicetur,

115 675 336 814 eligenda
362 726 376 800 3
412 710 462 776 ut
487 676 609 779 illius
642 683 858 778 animum
885 686 1097 818 proxime

119 814 320 916 induiffe
357 815 588 918 neceffum
628 817 809 918 habeas.
898 829 1015 954 Qae
1049 824 1099 916 in

117 952 389 1056 universum
419 961 582 1094 quanti
610 954 697 1055 surr
729 953 922 1072 laboris,
950 994 1100 1095 quan·

120 1126 265 1232 reque
316 1095 543 1198 industriae
592 1111 636 1197 ὅ(
684 1101 843 1226 judicii
895 1169 909 1209 ,
974 1095 1099 1237 quis·

122 1272 212 1370 que¹
234 1270 452 1370 expertus
484 1231 615 1336 facile
643 1236 878 1368 judicabit.
920 1243 1099 1338 Pericu-

123 1373 218 1474 lum
281 1372 371 1474 feci
415 1372 634 1476 laborum
688 1409 825 1512 atque
872 1375 1098 1476 industriae

123 1519 168 1612 in
215 1514 1099 1653 C.Pu1u11Cuuc1.L11Episto-

124 1652 199 1752 lis:
241 1689 338 1769 eae,
392 1647 576 1755 favente
623 1659 836 1787 Supremi
873 1660 1100 1755 Numinis

125 1799 294 1933 gratia,
323 1787 518 1895 feliciter
532 1793 788 1931 processere
812 1830 822 1890 :
844 1794 1021 1910 sustuli,
1041 1832 1092 1894 ac

130 1931 456 2033 emolumento
484 1933 583 2033 hoc
605 1943 761 2034 anetus
789 1937 907 2034 sum.
956 1942 1099 2071 Equi·

125 2075 224 2172 dem
244 2111 346 2172 non
363 2079 555 2209 ignoro,
575 2071 664 2171 hoc
681 2072 816 2172 studii
831 2109 975 2207 genus
991 2076 1101 2171 irac-

126 2247 251 2313 renus
292 2215 468 2314 multos
509 2213 693 2330 latere,
745 2220 824 2346 qui
861 2214 917 2310 ad
955 2212 1098 2312 sordi·

129 2355 200 2452 das
229 2350 434 2488 quasque
450 2368 494 2453 &
516 2349 784 2492 quaestuosas
800 2385 917 2450 artes
942 2386 1098 2474 ruunt,

127 2492 514 2627 &cupiditatibus
530 2491 733 2592 involuti
758 2487 867 2588 hinc
881 2488 1006 2590 suam
1032 2488 1057 2589 f
1079 2545 1102 2567 ·

125 2630 342 2732 licitarem
361 2639 647 2743 metiuntur3
674 2630 784 2726 cirm
800 2663 950 2726 tamen
966 2626 1101 2729 levis·

124 2769 240 2874 fimo
270 2777 441 2908 quovis
465 2802 717 2870 momento
747 2764 907 2868 infelix
924 2764 1000 2868 illa
1027 2765 1052 2869 f
1074 2827 1096 2845 -

123 2909 266 3011 licitas
298 2947 399 3010 non
432 2908 716 3048 interpellari
745 2907 973 3024 tanturn,
1024 2907 1102 3012 sed

114 3038 263 3151 ⁸everri
286 3050 499 3188 prorsum
516 3047 669 3151 soleat.
717 3056 822 3189 Ego
838 3081 994 3149 tamen
1013 3054 1105 3147 mi·

124 3189 248 3291 nimi
267 3197 480 3327 gentium
496 3228 548 3290 ea
563 3188 688 3327 vulgi
704 3220 861 3286 mente
878 3225 964 3320 pro
980 3217 1104 3287 tem-

124 3369 292 3465 porum
320 3329 538 3460 injuriai
577 3324 817 3465 proposito
844 3323 1104 3427 absterritus
1152 3427 1153 3431 r

117 3469 520 3612 sum.quanquam
537 3463 1105 3606 menriseofferret‚quod

626 3606 661 3672 ’³
708 3640 741 3734 4
892 3655 897 3665 ·
1002 3643 1105 3706 me-
