2446 4282
404 182 818 254 H.Sassrnnn1

49 331 1096 433 iffimmmMmmmfflQfflmmffim

92 428 95 433 ¹
116 436 177 508 ista
193 437 373 506 eruditione
389 431 629 530 digniffimam,
651 454 718 505 tota
733 433 925 534 inquamilla
935 434 1055 536 epistola
1066 464 1098 508 co

113 541 265 643 pertinens
275 554 489 633 argumentum
499 537 655 603 tradetur.

43 718 46 723 ,
156 636 246 734 ,June
254 661 341 716 vero,
348 635 458 730 spui,
469 631 549 701 nibil
548 630 582 724 sc
590 631 655 710 ida,
666 659 737 730 quae
746 638 917 704 enumerari
925 683 936 718 ,
939 633 1000 725 sed
1006 642 1099 706 Oeco-

99 740 238 808 uomica
256 754 378 805 tantum
397 756 501 802 curare
517 730 621 816 dicat,
642 735 771 828 quanru
790 733 896 804 borum
911 739 1043 831 cognitio
1060 761 1108 805 erc.
1142 726 1146 735 '

118 859 134 903 e
155 832 245 927 istola
253 838 315 926 peti
323 835 448 901 minime
451 829 571 926 soleat,
591 830 750 901 multabic
762 832 1107 930 tumen,quaeadeam.

107 856 259 1032 dicium,
278 937 457 1030 inpromptu
468 930 614 1026 eifutura
625 929 699 1021 effe,
710 937 764 1001 aio.
796 935 905 1029 Neque
913 931 1044 1028 fortasse
1058 930 1106 1005 ab

115 1032 177 1103 illa
195 1030 305 1103 aliena
322 1028 431 1123 censeri
442 1027 550 1099 debent
564 1029 662 1128 plena
671 1028 838 1101 dulcedini
850 1030 999 1131 epistola,
1019 1059 1097 1129 quac

116 1129 163 1202 ad
170 1157 294 1203 uxorem
307 1129 399 1222 ficum
409 1126 630 1226 Calpburniam
642 1128 771 1221 scribit:
788 1151 1014 1226 quummutaur
1025 1159 1105 1207 con-.

109 1234 224 1329 jugum
239 1252 333 1299 ¹amor
351 1226 598 1326 fundamentum
628 1234 836 1300 Oeconomicus
861 1228 968 1301 videri
1000 1231 1093 1326 poffit.

115 1330 326 1433 Qinctiam,
362 1353 458 1426 quum
475 1354 521 1414 rei
536 1327 653 1423 rusbicae
671 1328 826 1419 quandam
837 1329 900 1423 fibi
916 1329 1107 1428 peculiarem-

47 1456 51 1475 ¹
117 1434 350 1503 OEconomicen
357 1424 500 1524 poscunt,
518 1453 576 1496 non
581 1450 678 1521 pauca
689 1425 732 1496 ud
737 1426 938 1527 huncquoque
945 1434 1102 1527 pcrtinen-

117 1520 300 1615 dubiarum
316 1526 523 1618 ledarumeffc
532 1524 609 1597 dico.
638 1525 1100 1628 Atqueadeoc'prsdolamquan·

117 1625 193 1699 darn
200 1630 272 1725 jam
286 1654 365 1697 nuuc
380 1626 432 1703 idi.
444 1626 583 1695 indicabo
598 1675 618 1708 ,
628 1653 692 1723 pua
708 1653 766 1697 non
779 1625 869 1697 aliud
884 1649 1101 1725 argumentum

118 1729 278 1800 tradimur.
311 1732 361 1796 Ea
381 1728 427 1796 edi
435 1725 597 1797 libritcrta'i
607 1728 777 1822 vigesima,
795 1725 945 1824 habetque
954 1728 1008 1799 bac
1015 1734 1107 1826 prin-.

117 1832 252 1924 cipium:
280 1821 410 1896 Ass'umo
421 1847 454 1896 te
464 1827 496 1894 in
506 1823 671 1894 confilium
682 1826 727 1894 rei
742 1819 929 1907 familiaris3
949 1849 983 1897 ut
994 1825 1093 1898 soleo.
1131 1824 1144 1855 ⁸

117 1926 242 1998 Praedia
261 1924 343 2020 agris
362 1924 440 1993 meis
458 1925 579 2006 vicina,
601 1942 695 2019 atque
706 1925 804 1993 etiem
817 1924 952 2007 inserta,
976 1928 1103 1997 venalia

118 2020 197 2095 sunt.
228 2024 352 2094 Ultima
367 2027 443 2092 item
462 2021 532 2092 libri
548 2027 642 2120 primi
655 2022 775 2118 episiola
793 2025 939 2121 quadam
949 2031 1096 2110 continet,

66 2120 72 2137 “
119 2150 190 2223 qua
201 2123 302 2193 codem
316 2121 425 2221 referri
434 2141 564 2220 queunt,
587 2143 679 2219 atque
693 2123 849 2194 interalia
860 2127 1005 2222 infignem
1021 2124 1100 2195 banc

117 2222 278 2322 regulam:
306 2224 529 2317 Malaemptio
539 2216 663 2317 semper
678 2222 877 2320 irrgrdtaest,
895 2249 935 2294 eo
945 2227 1102 2304 maxime,

116 2321 205 2420 quod
224 2321 414 2415 exprobrare
433 2319 598 2389 stultitiam
619 2320 754 2389 domino
769 2323 902 2394 videtur.
930 2322 993 2394 Sed
1000 2352 1101 2422 quan·
1136 2363 1139 2369 ·

117 2426 175 2493 vri
191 2419 235 2491 ibi
250 2419 287 2490 de
302 2422 392 2518 agelli
407 2418 567 2515 cujusdam
585 2425 728 2516 empcione
744 2442 878 2519 agatur,
891 2421 997 2519 fateor
1009 2422 1101 2503 &de
1133 2496 1146 2527 η

117 2517 224 2593 domus
233 2520 377 2603 urbana,
394 2518 995 2620 quinetiamaliarumrerum'emptione,
1015 2521 1098 2592 idem

117 2618 180 2691 dici
197 2620 293 2717 pose,
327 2619 451 2718 ideoque
468 2645 526 2691 non
542 2617 587 2688 ad
603 2621 747 2711 rusticam
765 2626 980 2692 Oeconomicen
994 2626 1097 2721 potius

116 2719 267 2818 quamad
275 2721 427 2791 urbanam
443 2723 599 2815 pertinere.
625 2725 710 2788 Inter
725 2718 779 2786 illa
796 2742 921 2802 autem,
943 2747 1014 2817 quae
1031 2745 1098 2818 pro.

114 2816 235 2919 priead
242 2824 455 2901 Oeconomicen
470 2818 655 2909 rusiicanam
672 2821 840 2913 pertinent,
857 2819 1028 2889 omittenda
1050 2823 1099 2909 (ut

115 2923 230 3018 opinor)
251 2943 309 2987 non
318 2917 422 3014 fuerit
436 2917 491 2987 ida
507 2914 579 2986 libri
587 2913 713 3008 secundi
731 2917 870 3014 episdola,
892 2947 955 3016 apua
972 2918 1098 3003 villam,

114 3045 187 3118 qua
198 3021 422 3090 Laurentinum
432 3017 498 3109 fine
510 3021 647 3085 Laurens
658 3019 851 3103 vocabatur,
876 3037 1103 3101 tamaccurata

117 3137 245 3215 tamque
263 3117 371 3187 exadia
388 3116 523 3207 ccpbrast
539 3113 623 3184 nabab
643 3112 804 3206 describit,
824 3136 861 3187 ut
874 3116 1034 3215 depingere
1049 3143 1102 3216 po-

117 3222 182 3290 tius
198 3215 377 3287 videatur..
402 3213 465 3287 Sed
481 3241 575 3312 quare
591 3211 636 3282 ad
655 3223 864 3286 Oeconomicen
873 3219 939 3310 five
955 3217 1102 3308 rusticam

114 3319 175 3407 stre
189 3317 373 3407 rusbicanam
390 3314 442 3384 ida
460 3340 576 3412 quoque
592 3311 748 3412 descriptio
762 3317 870 3413 facere
882 3314 1007 3386 dicenda
1026 3317 1099 3388 cib?

111 3416 269 3517 Qonium
284 3420 317 3484 in
336 3440 372 3483 ea
391 3441 507 3510 qnoque
516 3412 671 3505 siruciura
688 3414 793 3485 multa
812 3417 873 3512 ejuc
890 3414 1104 3513 providentia,

106 3509 674 3711 puabonumpatremfamilidsdecet
685 3557 695 3595 ‚
715 3515 852 3613 exempla
872 3513 1020 3609 obsecrari
1036 3514 1104 3615 P0s:

124 3636 193 3689 um·
943 3650 946 3654 '

951 3668 1104 3829 :iateque
